[gd_scene load_steps=11 format=2]

[ext_resource path="res://Assets/MainFont.tres" type="DynamicFont" id=1]
[ext_resource path="res://Assets/Image/level_select_button.png" type="Texture" id=2]
[ext_resource path="res://Scenes/GUI/LevelSelectionButton.gd" type="Script" id=3]

[sub_resource type="AtlasTexture" id=1]
flags = 4
atlas = ExtResource( 2 )
region = Rect2( 32, 0, 32, 32 )

[sub_resource type="AtlasTexture" id=2]
flags = 4
atlas = ExtResource( 2 )
region = Rect2( 32, 64, 32, 32 )

[sub_resource type="AtlasTexture" id=3]
flags = 4
atlas = ExtResource( 2 )
region = Rect2( 0, 32, 32, 32 )

[sub_resource type="AtlasTexture" id=4]
flags = 4
atlas = ExtResource( 2 )
region = Rect2( 0, 0, 32, 32 )

[sub_resource type="AtlasTexture" id=5]
flags = 4
atlas = ExtResource( 2 )
region = Rect2( 0, 64, 32, 32 )

[sub_resource type="AtlasTexture" id=6]
flags = 4
atlas = ExtResource( 2 )
region = Rect2( 32, 32, 32, 32 )

[sub_resource type="SpriteFrames" id=7]
animations = [ {
"frames": [ SubResource( 1 ) ],
"loop": true,
"name": "none_highlighted",
"speed": 5.0
}, {
"frames": [ SubResource( 2 ) ],
"loop": true,
"name": "water_highlighted",
"speed": 5.0
}, {
"frames": [ SubResource( 3 ) ],
"loop": true,
"name": "fire",
"speed": 5.0
}, {
"frames": [ SubResource( 4 ) ],
"loop": true,
"name": "none",
"speed": 5.0
}, {
"frames": [ SubResource( 5 ) ],
"loop": true,
"name": "water",
"speed": 5.0
}, {
"frames": [ SubResource( 6 ) ],
"loop": true,
"name": "fire_highlighted",
"speed": 5.0
} ]

[node name="LevelSelectionButton" type="Control"]
anchor_right = 1.0
anchor_bottom = 1.0
margin_right = -992.0
margin_bottom = -568.0
script = ExtResource( 3 )
__meta__ = {
"_edit_use_anchors_": false
}

[node name="AnimatedSprite" type="AnimatedSprite" parent="."]
position = Vector2( 16, 16 )
frames = SubResource( 7 )
animation = "water_highlighted"

[node name="Label" type="Label" parent="."]
margin_left = 5.0
margin_top = 1.0
margin_right = 29.0
margin_bottom = 27.0
custom_fonts/font = ExtResource( 1 )
text = "13"
align = 1
__meta__ = {
"_edit_use_anchors_": false
}
