[gd_scene load_steps=8 format=2]

[ext_resource path="res://Assets/Image/powerup.png" type="Texture" id=1]
[ext_resource path="res://Scenes/StageComponents/Powerup/Powerup.gd" type="Script" id=2]

[sub_resource type="AtlasTexture" id=1]
flags = 4
atlas = ExtResource( 1 )
region = Rect2( 64, 0, 64, 48 )

[sub_resource type="AtlasTexture" id=2]
flags = 4
atlas = ExtResource( 1 )
region = Rect2( 128, 0, 64, 48 )

[sub_resource type="AtlasTexture" id=3]
flags = 4
atlas = ExtResource( 1 )
region = Rect2( 0, 0, 64, 48 )

[sub_resource type="SpriteFrames" id=4]
animations = [ {
"frames": [ SubResource( 1 ) ],
"loop": true,
"name": "quicksilver",
"speed": 5.0
}, {
"frames": [ SubResource( 2 ) ],
"loop": true,
"name": "brimstone",
"speed": 5.0
}, {
"frames": [ SubResource( 3 ) ],
"loop": true,
"name": "salt",
"speed": 5.0
} ]

[sub_resource type="RectangleShape2D" id=5]
extents = Vector2( 19, 23 )

[node name="Powerup" type="Node2D"]
script = ExtResource( 2 )

[node name="Sprite" type="AnimatedSprite" parent="."]
frames = SubResource( 4 )
animation = "brimstone"

[node name="Area2D" type="Area2D" parent="."]

[node name="CollisionShape2D" type="CollisionShape2D" parent="Area2D"]
shape = SubResource( 5 )
[connection signal="body_entered" from="Area2D" to="." method="_on_Area2D_body_entered"]
