[gd_scene load_steps=62 format=2]

[ext_resource path="res://Assets/Image/slimenta_sal.png" type="Texture" id=1]
[ext_resource path="res://Assets/Image/slimenta_quicksilver.png" type="Texture" id=2]
[ext_resource path="res://Scenes/StageComponents/Player/Player.gd" type="Script" id=3]
[ext_resource path="res://Assets/Image/slimenta_sulphur.png" type="Texture" id=4]
[ext_resource path="res://Scenes/StageComponents/Player/JumpController.gd" type="Script" id=5]
[ext_resource path="res://Assets/Image/slimenta_sulphur_charged.png" type="Texture" id=6]
[ext_resource path="res://Assets/Image/slimenta_sal_pure.png" type="Texture" id=7]
[ext_resource path="res://Assets/Audio/jomp.wav" type="AudioStream" id=8]
[ext_resource path="res://Assets/Audio/ded.wav" type="AudioStream" id=9]
[ext_resource path="res://Assets/Audio/unfire.wav" type="AudioStream" id=10]

[sub_resource type="RectangleShape2D" id=1]
extents = Vector2( 16, 15 )

[sub_resource type="AtlasTexture" id=2]
flags = 4
atlas = ExtResource( 7 )
region = Rect2( 64, 32, 32, 32 )

[sub_resource type="AtlasTexture" id=3]
flags = 4
atlas = ExtResource( 7 )
region = Rect2( 64, 0, 32, 32 )

[sub_resource type="AtlasTexture" id=4]
flags = 4
atlas = ExtResource( 1 )
region = Rect2( 64, 32, 32, 32 )

[sub_resource type="AtlasTexture" id=5]
flags = 4
atlas = ExtResource( 1 )
region = Rect2( 64, 0, 32, 32 )

[sub_resource type="AtlasTexture" id=6]
flags = 4
atlas = ExtResource( 4 )
region = Rect2( 32, 0, 32, 32 )

[sub_resource type="AtlasTexture" id=7]
flags = 4
atlas = ExtResource( 4 )
region = Rect2( 32, 32, 32, 32 )

[sub_resource type="AtlasTexture" id=8]
flags = 4
atlas = ExtResource( 4 )
region = Rect2( 32, 64, 32, 32 )

[sub_resource type="AtlasTexture" id=9]
flags = 4
atlas = ExtResource( 4 )
region = Rect2( 32, 96, 32, 32 )

[sub_resource type="AtlasTexture" id=10]
flags = 4
atlas = ExtResource( 4 )
region = Rect2( 64, 32, 32, 32 )

[sub_resource type="AtlasTexture" id=11]
flags = 4
atlas = ExtResource( 4 )
region = Rect2( 64, 0, 32, 32 )

[sub_resource type="AtlasTexture" id=12]
flags = 4
atlas = ExtResource( 2 )
region = Rect2( 64, 64, 32, 32 )

[sub_resource type="AtlasTexture" id=13]
flags = 4
atlas = ExtResource( 4 )
region = Rect2( 64, 64, 32, 32 )

[sub_resource type="AtlasTexture" id=14]
flags = 4
atlas = ExtResource( 6 )
region = Rect2( 64, 32, 32, 32 )

[sub_resource type="AtlasTexture" id=15]
flags = 4
atlas = ExtResource( 6 )
region = Rect2( 64, 0, 32, 32 )

[sub_resource type="AtlasTexture" id=16]
flags = 4
atlas = ExtResource( 2 )
region = Rect2( 64, 32, 32, 32 )

[sub_resource type="AtlasTexture" id=17]
flags = 4
atlas = ExtResource( 2 )
region = Rect2( 64, 0, 32, 32 )

[sub_resource type="AtlasTexture" id=18]
flags = 4
atlas = ExtResource( 6 )
region = Rect2( 64, 64, 32, 32 )

[sub_resource type="AtlasTexture" id=19]
flags = 4
atlas = ExtResource( 7 )
region = Rect2( 32, 0, 32, 32 )

[sub_resource type="AtlasTexture" id=20]
flags = 4
atlas = ExtResource( 7 )
region = Rect2( 32, 32, 32, 32 )

[sub_resource type="AtlasTexture" id=21]
flags = 4
atlas = ExtResource( 7 )
region = Rect2( 32, 64, 32, 32 )

[sub_resource type="AtlasTexture" id=22]
flags = 4
atlas = ExtResource( 7 )
region = Rect2( 32, 96, 32, 32 )

[sub_resource type="AtlasTexture" id=23]
flags = 4
atlas = ExtResource( 2 )
region = Rect2( 32, 0, 32, 32 )

[sub_resource type="AtlasTexture" id=24]
flags = 4
atlas = ExtResource( 2 )
region = Rect2( 32, 32, 32, 32 )

[sub_resource type="AtlasTexture" id=25]
flags = 4
atlas = ExtResource( 2 )
region = Rect2( 32, 64, 32, 32 )

[sub_resource type="AtlasTexture" id=26]
flags = 4
atlas = ExtResource( 2 )
region = Rect2( 32, 96, 32, 32 )

[sub_resource type="AtlasTexture" id=27]
flags = 4
atlas = ExtResource( 6 )
region = Rect2( 32, 0, 32, 32 )

[sub_resource type="AtlasTexture" id=28]
flags = 4
atlas = ExtResource( 6 )
region = Rect2( 32, 32, 32, 32 )

[sub_resource type="AtlasTexture" id=29]
flags = 4
atlas = ExtResource( 6 )
region = Rect2( 32, 64, 32, 32 )

[sub_resource type="AtlasTexture" id=30]
flags = 4
atlas = ExtResource( 6 )
region = Rect2( 32, 96, 32, 32 )

[sub_resource type="AtlasTexture" id=31]
flags = 4
atlas = ExtResource( 7 )
region = Rect2( 64, 64, 32, 32 )

[sub_resource type="AtlasTexture" id=32]
flags = 4
atlas = ExtResource( 1 )
region = Rect2( 32, 0, 32, 32 )

[sub_resource type="AtlasTexture" id=33]
flags = 4
atlas = ExtResource( 1 )
region = Rect2( 32, 32, 32, 32 )

[sub_resource type="AtlasTexture" id=34]
flags = 4
atlas = ExtResource( 1 )
region = Rect2( 32, 64, 32, 32 )

[sub_resource type="AtlasTexture" id=35]
flags = 4
atlas = ExtResource( 1 )
region = Rect2( 32, 96, 32, 32 )

[sub_resource type="AtlasTexture" id=36]
flags = 4
atlas = ExtResource( 1 )
region = Rect2( 64, 64, 32, 32 )

[sub_resource type="SpriteFrames" id=37]
animations = [ {
"frames": [ SubResource( 2 ), SubResource( 3 ) ],
"loop": true,
"name": "salt_purified_run",
"speed": 5.0
}, {
"frames": [ SubResource( 4 ), SubResource( 5 ) ],
"loop": true,
"name": "salt_run",
"speed": 5.0
}, {
"frames": [ SubResource( 6 ), SubResource( 7 ), SubResource( 8 ), SubResource( 9 ) ],
"loop": true,
"name": "brimstone_jump",
"speed": 0.0
}, {
"frames": [ SubResource( 10 ), SubResource( 11 ) ],
"loop": true,
"name": "brimstone_run",
"speed": 5.0
}, {
"frames": [ SubResource( 12 ) ],
"loop": true,
"name": "quicksilver_squish",
"speed": 5.0
}, {
"frames": [ SubResource( 13 ) ],
"loop": true,
"name": "brimstone_squish",
"speed": 5.0
}, {
"frames": [ SubResource( 14 ), SubResource( 15 ) ],
"loop": true,
"name": "brimstone_charged_run",
"speed": 5.0
}, {
"frames": [ SubResource( 16 ), SubResource( 17 ) ],
"loop": true,
"name": "quicksilver_run",
"speed": 5.0
}, {
"frames": [ SubResource( 18 ) ],
"loop": true,
"name": "brimstone_charged_squish",
"speed": 5.0
}, {
"frames": [ SubResource( 19 ), SubResource( 20 ), SubResource( 21 ), SubResource( 22 ) ],
"loop": true,
"name": "salt_purified_jump",
"speed": 5.0
}, {
"frames": [ SubResource( 23 ), SubResource( 24 ), SubResource( 25 ), SubResource( 26 ) ],
"loop": true,
"name": "quicksilver_jump",
"speed": 0.0
}, {
"frames": [ SubResource( 27 ), SubResource( 28 ), SubResource( 29 ), SubResource( 30 ) ],
"loop": true,
"name": "brimstone_charged_jump",
"speed": 0.0
}, {
"frames": [ SubResource( 31 ) ],
"loop": true,
"name": "salt_purified_squish",
"speed": 5.0
}, {
"frames": [ SubResource( 32 ), SubResource( 33 ), SubResource( 34 ), SubResource( 35 ) ],
"loop": true,
"name": "salt_jump",
"speed": 0.0
}, {
"frames": [ SubResource( 36 ) ],
"loop": true,
"name": "salt_squish",
"speed": 5.0
} ]

[sub_resource type="SegmentShape2D" id=38]
a = Vector2( 16, -31 )
b = Vector2( -16, -31 )

[sub_resource type="SegmentShape2D" id=39]
a = Vector2( 17, 0 )
b = Vector2( 17, -30 )

[sub_resource type="RectangleShape2D" id=40]
extents = Vector2( 18, 17 )

[sub_resource type="Gradient" id=41]
offsets = PoolRealArray( 0, 0.681614, 0.910314 )
colors = PoolColorArray( 1, 1, 1, 1, 1, 1, 1, 0.674877, 1, 1, 1, 0 )

[sub_resource type="GradientTexture" id=42]
gradient = SubResource( 41 )

[sub_resource type="Curve" id=43]
_data = [ Vector2( 0, 0.486364 ), 0.0, 0.0, 0, 0, Vector2( 1, 1 ), 0.0, 0.0, 0, 0 ]

[sub_resource type="CurveTexture" id=44]
curve = SubResource( 43 )

[sub_resource type="ParticlesMaterial" id=45]
flag_disable_z = true
spread = 180.0
gravity = Vector3( 0, 0, 0 )
initial_velocity = 15.0
orbit_velocity = 0.0
orbit_velocity_random = 0.0
scale = 10.0
scale_random = 0.3
scale_curve = SubResource( 44 )
color_ramp = SubResource( 42 )

[sub_resource type="CanvasItemMaterial" id=46]
blend_mode = 1

[sub_resource type="Gradient" id=47]
offsets = PoolRealArray( 0, 0.9 )
colors = PoolColorArray( 1, 1, 1, 1, 1, 1, 1, 0 )

[sub_resource type="GradientTexture" id=48]
gradient = SubResource( 47 )

[sub_resource type="Curve" id=49]
_data = [ Vector2( 0, 1 ), 0.0, 0.0, 0, 0, Vector2( 1, 0.273864 ), 0.0, 0.0, 0, 0 ]

[sub_resource type="CurveTexture" id=50]
curve = SubResource( 49 )

[sub_resource type="ParticlesMaterial" id=51]
flag_disable_z = true
gravity = Vector3( 0, 0, 0 )
orbit_velocity = 0.0
orbit_velocity_random = 0.0
angle = 90.0
angle_random = 1.0
scale = 12.0
scale_curve = SubResource( 50 )
color_ramp = SubResource( 48 )

[node name="Player" type="KinematicBody2D"]
script = ExtResource( 3 )

[node name="CollisionBox" type="CollisionShape2D" parent="."]
position = Vector2( 0, -15 )
shape = SubResource( 1 )

[node name="Sprite" type="AnimatedSprite" parent="."]
position = Vector2( 0, -16 )
frames = SubResource( 37 )
animation = "salt_purified_run"

[node name="JumpInputManager" type="Node" parent="."]
script = ExtResource( 5 )

[node name="JumpBufferTimer" type="Timer" parent="JumpInputManager"]
one_shot = true

[node name="DoubleJumpTimer" type="Timer" parent="JumpInputManager"]
one_shot = true

[node name="JumpHoldTimer" type="Timer" parent="."]
wait_time = 0.7
one_shot = true

[node name="HeadDetector" type="Area2D" parent="."]

[node name="Shape" type="CollisionShape2D" parent="HeadDetector"]
shape = SubResource( 38 )

[node name="FaceDetector" type="Area2D" parent="."]

[node name="Shape" type="CollisionShape2D" parent="FaceDetector"]
shape = SubResource( 39 )

[node name="Hurtbox" type="Area2D" parent="."]

[node name="Shape" type="CollisionShape2D" parent="Hurtbox"]
position = Vector2( 0, -15 )
shape = SubResource( 40 )

[node name="Camera" type="Camera2D" parent="."]

[node name="WalkParticle" type="Particles2D" parent="."]
emitting = false
amount = 30
local_coords = false
process_material = SubResource( 45 )

[node name="DeathTimer" type="Timer" parent="."]

[node name="TrailParticle" type="Particles2D" parent="."]
material = SubResource( 46 )
position = Vector2( 1, -13 )
emitting = false
amount = 20
one_shot = true
local_coords = false
process_material = SubResource( 51 )

[node name="JumpPlayer" type="AudioStreamPlayer" parent="."]
stream = ExtResource( 8 )
volume_db = -15.0

[node name="DepowerPlayer" type="AudioStreamPlayer" parent="."]
stream = ExtResource( 10 )
volume_db = -15.0

[node name="DeathPlayer" type="AudioStreamPlayer" parent="."]
stream = ExtResource( 9 )
volume_db = -15.0
[connection signal="airborne_jump_press" from="JumpInputManager" to="." method="_on_JumpInputManager_airborne_jump_press"]
[connection signal="grounded_jump_press" from="JumpInputManager" to="." method="_on_JumpInputManager_grounded_jump_press"]
[connection signal="jump_release" from="JumpInputManager" to="." method="_on_JumpInputManager_jump_release"]
[connection signal="body_entered" from="HeadDetector" to="." method="_on_HeadDetector_body_entered"]
[connection signal="body_entered" from="FaceDetector" to="." method="_on_FaceDetector_body_entered"]
[connection signal="body_exited" from="FaceDetector" to="." method="_on_FaceDetector_body_exited"]
[connection signal="body_entered" from="Hurtbox" to="." method="_on_Hurtbox_body_entered"]
[connection signal="timeout" from="DeathTimer" to="." method="_on_DeathTimer_timeout"]
